<?xml version="1.0" encoding="UTF-8"?><collection><record><leader>06403ntm a2200673 a 4500</leader><controlfield tag="001">006822664</controlfield><controlfield tag="003">MiAaHDL</controlfield><controlfield tag="005">20190719000000.0</controlfield><controlfield tag="006">m        d        </controlfield><controlfield tag="007">cr bn ---auaua</controlfield><controlfield tag="008">090624s14uu    xx            00| ||ota d</controlfield><datafield tag="035" ind1=" " ind2=" "><subfield code="a">(MiU)006822664</subfield></datafield><datafield tag="035" ind1=" " ind2=" "><subfield code="a">sdr-miu006822664</subfield></datafield><datafield tag="040" ind1=" " ind2=" "><subfield code="a">MiU</subfield><subfield code="c">MiU</subfield><subfield code="e">amremm</subfield></datafield><datafield tag="041" ind1="0" ind2=" "><subfield code="a">ota</subfield></datafield><datafield tag="043" ind1=" " ind2=" "><subfield code="a">n-us-mi</subfield></datafield><datafield tag="100" ind1="0" ind2=" "><subfield code="6">880-01</subfield><subfield code="a">Süleyman Çelebi,</subfield><subfield code="d">-1422?</subfield></datafield><datafield tag="240" ind1="1" ind2="0"><subfield code="6">880-02</subfield><subfield code="a">Vesîletüʼn-necat</subfield></datafield><datafield tag="245" ind1="1" ind2="0"><subfield code="6">880-03</subfield><subfield code="a">Wasīlat al-najāt fī mawlid Ashraf al-mawjūdāt,</subfield><subfield code="f">[15th century].</subfield></datafield><datafield tag="246" ind1="3" ind2=" "><subfield code="a">Mevlût</subfield></datafield><datafield tag="246" ind1="3" ind2=" "><subfield code="a">Mevlûd-u şerif</subfield></datafield><datafield tag="246" ind1="3" ind2=" "><subfield code="a">Mevlit</subfield></datafield><datafield tag="246" ind1="3" ind2=" "><subfield code="a">Mevlid-i şerif</subfield></datafield><datafield tag="260" ind1=" " ind2=" "><subfield code="c">[14--].</subfield></datafield><datafield tag="300" ind1=" " ind2=" "><subfield code="a">61 leaves :</subfield><subfield code="b">paper ;</subfield><subfield code="c">230 x 156 (185 x 110) mm.</subfield></datafield><datafield tag="500" ind1=" " ind2=" "><subfield code="a">Shelfmark: Ann Arbor, University of Michigan, Special Collections Library, Isl. Ms. 412</subfield></datafield><datafield tag="500" ind1=" " ind2=" "><subfield code="a">Origin: Lacks formal dated colophon ; paper, decoration, etc. certainly suggest 15th century.</subfield></datafield><datafield tag="500" ind1=" " ind2=" "><subfield code="a">Former shelfmark: "247 T. De M. [i.e. Tammaro De Marinis]" and "242" inscribed in pencil on interior of upper cover.</subfield></datafield><datafield tag="500" ind1=" " ind2=" "><subfield code="a">Binding: Pasteboards faced in marbled paper with dark brown leather over spine, foreedge flap, and edges/turn-ins (marbled paper faced leather edged framed binding) ; Type II binding (with flap, though now lost) ; board linings in laid paper ; sewn in red thread, two stations ; endbands gone apart from traces of primaries sewn through spine lining ; overall in extremely poor condition with significant losses of leather and paper, severe abrasion and pest damage, moisture damage, flap lost, spine lining exposed, etc. ; housed in box for protection.</subfield></datafield><datafield tag="500" ind1=" " ind2=" "><subfield code="a">Support: non-European (likely Arab) laid paper with 8 laid lines per cm. (horizontal) and chain lines grouped in threes with 9-10 mm. between chains and 41-47 mm. between groups (see p.28, 30, etc.), cloudy formation, quite sturdy, burnished ; much staining and tide lines ; many repairs including fills at edges of leaves and guards in manuscript "waste" (recycled paper) ; pp.117-122 on replacement leaves of different non-European paper with no chain lines visible.</subfield></datafield><datafield tag="500" ind1=" " ind2=" "><subfield code="a">Decoration: Fine illuminated frontispiece (pp.2-3) in double-page illumination carries the title and opening with upper and lower panels carrying the title and supplication for the Prophet ("كتاب وسيله النجات في مولد اشرف الموجودات عليه افضل الصلوات واكمل التحيات"), mainly in gold thuluth set in cloud bands of blue and red though the opening panel carries the first part of the title on a field of blue (approaching cobalt or lapis lazuli) overlaid with swirling vegetal decoration (arabesque) in orange and white, surmounted by a length of arabesque (black, orange-red and gold) and vertical stalks (tīgh), and flanked by a roundel (ansa) partly lost ; entire written area of frontispiece surrounded by a frame consisting of gold bands and blue rules and basmalah also chrysographed ; keywords (الله، محمد، الخ) and section headings throughout text chrysographed or rubricated ; overlining and abbreviation symbols in red.</subfield></datafield><datafield tag="500" ind1=" " ind2=" "><subfield code="a">Script: Naskh ; elegant Turkish hand ; mainly serifless (though left-sloping barbed head-serif appears on alif of lām-alif ligature), quite rounded with curvilinear descenders, some sweeping tails, very slight effect of tilt to the left, almost fully vocalized, گ represented by ك with three dots ; text of pp.108-121 supplied in at least two different hands.</subfield></datafield><datafield tag="500" ind1=" " ind2=" "><subfield code="a">Layout: Written mainly in 9 lines per page, divided to two columns to set off poetry ; section headings centered ; frame-ruled.</subfield></datafield><datafield tag="500" ind1=" " ind2=" "><subfield code="a">Collation: V-1 (9), 4 V(49), IV+1 (58), I+1 (61) ; chiefly quinions ; catchwords present ; pagination in pencil, Western numerals, supplied during cataloguing.</subfield></datafield><datafield tag="500" ind1=" " ind2=" "><subfield code="a">Explicit: "كردلر سز بولسز اددن نجات عشقلادر ديله ايدك الصلات ... تنكردن يزبك درود يله سلام مصطفانك روحنه هر صبح شام اولسون آلينه دقى اصحابنه تابعين انصار وهم احبابنه امتندن راضى اولسون اول معين رحمة الله عليهم اجمعين"</subfield></datafield><datafield tag="500" ind1=" " ind2=" "><subfield code="a">Incipit: "الحمد لله الذي جعل محمد [؟]... كل موجود واشرف كل مخلوق واعز كل مولود ... نحمده على ما جعلنا من امة محمد الوفي بالعهود واشهد ان لا اله الا الله وحده لا شريك له ولا شبيه له الذي تقدس ذاته عن زمن معدود ... هذا اول كتاب مولد المصطفى عليه السلام الله آدن ذكر ادالم اولا واجب الدر جمله اشده هر قولا ..."</subfield></datafield><datafield tag="500" ind1=" " ind2=" "><subfield code="a">Title from frontispiece (pp.2-3).</subfield></datafield><datafield tag="500" ind1=" " ind2=" "><subfield code="a">Ms. codex.</subfield></datafield><datafield tag="505" ind1="0" ind2=" "><subfield code="a">3. p.112-p.121 : [further verses, ending with "كيم سليمان بلرسه بو وقتى مصطفاكيب مصطفى السر"].</subfield></datafield><datafield tag="505" ind1="0" ind2=" "><subfield code="a">2. p.108-p.111 : Medh-i Mustafa.</subfield></datafield><datafield tag="505" ind1="0" ind2=" "><subfield code="a">1. p.1-p.107 : Vesîletüʼn-necat / Süleyman Çelebi.</subfield></datafield><datafield tag="510" ind1="4" ind2=" "><subfield code="a">Cat. Turk. MSS. Brit. Mus.,</subfield><subfield code="c">p. 240</subfield></datafield><datafield tag="520" ind1="8" ind2=" "><subfield code="a">Fine (though damaged) early copy of the famous poem in praise of the Prophet by Süleyman Çelebi of Bursa (d.1422?) with preface in Arabic, followed by further verses supplied in different hands.</subfield></datafield><datafield tag="538" ind1=" " ind2=" "><subfield code="a">Mode of access: Internet.</subfield></datafield><datafield tag="541" ind1=" " ind2=" "><subfield code="c">Purchase ;</subfield><subfield code="a">Acquired by purchase (funds donated by Horace Rackham).</subfield><subfield code="d">1924.</subfield></datafield><datafield tag="546" ind1=" " ind2=" "><subfield code="a">Ottoman Turkish.</subfield></datafield><datafield tag="561" ind1=" " ind2=" "><subfield code="a">Fairly clean copy.</subfield></datafield><datafield tag="600" ind1="0" ind2="0"><subfield code="a">Muḥammad,</subfield><subfield code="c">Prophet,</subfield><subfield code="d">-632</subfield><subfield code="v">Poetry.</subfield></datafield><datafield tag="650" ind1=" " ind2="0"><subfield code="a">Manuscripts, Turkish</subfield><subfield code="z">Michigan</subfield><subfield code="z">Ann Arbor.</subfield></datafield><datafield tag="650" ind1=" " ind2="0"><subfield code="a">Masnavis, Turkish</subfield><subfield code="v">Early works to 1800.</subfield></datafield><datafield tag="650" ind1=" " ind2="0"><subfield code="a">Turkish poetry</subfield><subfield code="x">15th century.</subfield></datafield><datafield tag="650" ind1=" " ind2="0"><subfield code="a">Mawlid al-Nabī in literature.</subfield></datafield><datafield tag="700" ind1="0" ind2=" "><subfield code="a">Abdülhamid</subfield><subfield code="b">II,</subfield><subfield code="c">Sultan of the Turks,</subfield><subfield code="d">1842-1918,</subfield><subfield code="e">former owner.</subfield></datafield><datafield tag="740" ind1="0" ind2="2"><subfield code="6">880-05</subfield><subfield code="a">Medh-i Mustafa</subfield></datafield><datafield tag="773" ind1="0" ind2=" "><subfield code="a">Abdul Hamid Collection.</subfield></datafield><datafield tag="880" ind1="0" ind2="2"><subfield code="6">740-05/</subfield><subfield code="a">مدح مصطفى عليه الصلوة والسلام</subfield></datafield><datafield tag="880" ind1="1" ind2="0"><subfield code="6">245-03/</subfield><subfield code="a">وسلية النجات في مولد اشرف الموجودات,</subfield><subfield code="f">[القرن 15م].</subfield></datafield><datafield tag="880" ind1="1" ind2="0"><subfield code="6">240-02/</subfield><subfield code="a">وسيله النجات</subfield></datafield><datafield tag="880" ind1="0" ind2=" "><subfield code="6">100-01/</subfield><subfield code="a">سليمان چلبي.</subfield></datafield><datafield tag="CID" ind1=" " ind2=" "><subfield code="a">006822664</subfield></datafield><datafield tag="DAT" ind1="0" ind2=" "><subfield code="a">20190719102640.0</subfield><subfield code="b">20190719000000.0</subfield></datafield><datafield tag="DAT" ind1="1" ind2=" "><subfield code="a">20190719090653.0</subfield><subfield code="b">2019-07-19T16:12:07Z</subfield></datafield><datafield tag="DAT" ind1="2" ind2=" "><subfield code="a">2015-10-02T18:00:03Z</subfield></datafield><datafield tag="CAT" ind1=" " ind2=" "><subfield code="a">SDR-MIU</subfield><subfield code="d">EX LIBRIS - ALEPH</subfield><subfield code="l">prepare.pl-004-008</subfield></datafield><datafield tag="FMT" ind1=" " ind2=" "><subfield code="a">BK</subfield></datafield><datafield tag="HOL" ind1=" " ind2=" "><subfield code="0">sdr-miu006822664</subfield><subfield code="a">MiU</subfield><subfield code="b">SDR</subfield><subfield code="c">MIU</subfield><subfield code="p">mdp.39015079130798</subfield><subfield code="s">MIU</subfield><subfield code="1">006822664</subfield></datafield><datafield tag="974" ind1=" " ind2=" "><subfield code="b">MIU</subfield><subfield code="c">MIU</subfield><subfield code="d">20190719</subfield><subfield code="s">lit-dlps-dc</subfield><subfield code="u">mdp.39015079130798</subfield><subfield code="y">1499</subfield><subfield code="r">pd</subfield><subfield code="q">bib</subfield><subfield code="t">non-US bib date1 &lt; 1896</subfield></datafield></record></collection>